@article{guan2008stommel,
  title={Stommel’s box model of thermohaline circulation revisited—The role of mechanical energy supporting mixing and the wind-driven gyration},
  author={Guan, Yu Ping and Huang, Rui Xin},
  journal={Journal of Physical Oceanography},
  volume={38},
  number={4},
  pages={909--917},
  year={2008}
}

@article{stommel1961thermohaline,
  title={Thermohaline convection with two stable regimes of flow},
  author={Stommel, Henry},
  journal={Tellus},
  volume={13},
  number={2},
  pages={224--230},
  year={1961},
  publisher={Taylor \& Francis}
}

@article{walker1999coupled,
  title={Coupled hydrodynamic and transport models of Port Phillip Bay, a semi-enclosed bay in south-eastern Australia},
  author={Walker, SJ},
  journal={Marine and Freshwater Research},
  volume={50},
  number={6},
  pages={469--481},
  year={1999},
  publisher={CSIRO}
}